<record><leader>00000cas a22000007a 4500</leader><controlfield tag="001">17956520</controlfield><controlfield tag="008">880516c19829999txuwr ne      0    0eng d</controlfield><datafield ind1=" " ind2=" " tag="010"><subfield code="a">sn 88083495 </subfield></datafield><datafield ind1=" " ind2=" " tag="040"><subfield code="a">PPM</subfield><subfield code="b">eng</subfield><subfield code="c">PPM</subfield><subfield code="d">TXJ</subfield><subfield code="d">OCLCQ</subfield><subfield code="d">OCLCF</subfield><subfield code="d">OCLCO</subfield></datafield><datafield ind1=" " ind2=" " tag="042"><subfield code="a">msc</subfield></datafield><datafield ind1=" " ind2=" " tag="043"><subfield code="a">n-us-tx</subfield></datafield><datafield ind1="0" ind2="0" tag="245"><subfield code="a">Kenedy advance-times.</subfield></datafield><datafield ind1=" " ind2=" " tag="260"><subfield code="a">Kenedy, Tex. :</subfield><subfield code="b">Jess R. Richter,</subfield><subfield code="c">1982-</subfield></datafield><datafield ind1=" " ind2=" " tag="310"><subfield code="a">Weekly</subfield></datafield><datafield ind1="0" ind2=" " tag="362"><subfield code="a">Vol. 22, no. 15 (Mar 3, 1982)-</subfield></datafield><datafield ind1=" " ind2="0" tag="651"><subfield code="a">Kenedy (Tex.)</subfield><subfield code="v">Newspapers.</subfield></datafield><datafield ind1=" " ind2="7" tag="655"><subfield code="a">Newspapers.</subfield><subfield code="2">fast</subfield><subfield code="0">(OCoLC)fst01423814</subfield></datafield><datafield ind1=" " ind2="7" tag="651"><subfield code="a">Texas</subfield><subfield code="z">Kenedy.</subfield><subfield code="2">fast</subfield><subfield code="0">(OCoLC)fst01223599</subfield></datafield><datafield ind1=" " ind2=" " tag="752"><subfield code="a">United States</subfield><subfield code="b">Texas</subfield><subfield code="c">Karnes</subfield><subfield code="d">Kenedy.</subfield></datafield><datafield ind1="0" ind2="4" tag="780"><subfield code="t">Kenedy advance</subfield><subfield code="w">(DLC)sn 86088873</subfield></datafield><datafield ind1="0" ind2="4" tag="780"><subfield code="t">Kenedy times</subfield><subfield code="w">(DLC)sn 86089447</subfield></datafield></record>